<record><leader>00000cas a22000007a 4500</leader><controlfield tag="001">1643058</controlfield><controlfield tag="008">750921d18951931mnuwr ne      0   a0eng d</controlfield><datafield ind1=" " ind2=" " tag="010"><subfield code="a">sn 89081022 </subfield></datafield><datafield ind1=" " ind2=" " tag="040"><subfield code="a">MUL</subfield><subfield code="b">eng</subfield><subfield code="c">MUL</subfield><subfield code="d">MN#</subfield><subfield code="d">OCLCQ</subfield><subfield code="d">DLC</subfield><subfield code="d">OCLCF</subfield><subfield code="d">OCLCO</subfield></datafield><datafield ind1="0" ind2=" " tag="022"><subfield code="a">2326-7666</subfield><subfield code="2">1</subfield></datafield><datafield ind1="1" ind2=" " tag="029"><subfield code="a">AU@</subfield><subfield code="b">000025885729</subfield></datafield><datafield ind1=" " ind2=" " tag="042"><subfield code="a">msc</subfield><subfield code="a">nsdp</subfield></datafield><datafield ind1=" " ind2=" " tag="043"><subfield code="a">n-us-mn</subfield></datafield><datafield ind1="0" ind2="0" tag="050"><subfield code="a">Newspaper</subfield></datafield><datafield ind1=" " ind2=" " tag="052"><subfield code="a">4144</subfield><subfield code="b">W6</subfield></datafield><datafield ind1=" " ind2=" " tag="052"><subfield code="a">4143</subfield><subfield code="b">K4</subfield></datafield><datafield ind1="0" ind2="0" tag="082"><subfield code="a">071</subfield><subfield code="2">23</subfield></datafield><datafield ind1=" " ind2="0" tag="222"><subfield code="a">Willmar tribune</subfield><subfield code="b">(Print)</subfield></datafield><datafield ind1="0" ind2="0" tag="245"><subfield code="a">Willmar tribune.</subfield></datafield><datafield ind1="1" ind2="3" tag="246"><subfield code="a">Willmar weekly tribune</subfield></datafield><datafield ind1="1" ind2="7" tag="246"><subfield code="a">Twice-a-week Willmar tribune</subfield></datafield><datafield ind1=" " ind2=" " tag="260"><subfield code="a">Willmar, Minn. :</subfield><subfield code="b">[s.n.],</subfield><subfield code="c">1895-1931.</subfield></datafield><datafield ind1=" " ind2=" " tag="300"><subfield code="a">37 v.</subfield></datafield><datafield ind1=" " ind2=" " tag="310"><subfield code="a">Weekly,</subfield><subfield code="b">Dec. 2, 1903-Sept. 30, 1931.</subfield></datafield><datafield ind1=" " ind2=" " tag="321"><subfield code="a">Weekly,</subfield><subfield code="b">Feb. 19, 1895-Nov. 26, 1902</subfield></datafield><datafield ind1=" " ind2=" " tag="321"><subfield code="a">Semiweekly,</subfield><subfield code="b">Dec. 3, 1902-Nov. 28, 1903</subfield></datafield><datafield ind1="0" ind2=" " tag="362"><subfield code="a">Vol. 1, no. 1 (Feb. 19, 1895)-v. 37, no. 39 (Sept. 30, 1931).</subfield></datafield><datafield ind1=" " ind2=" " tag="530"><subfield code="a">Available on microfilm from the Minnesota Historical Society.</subfield></datafield><datafield ind1=" " ind2=" " tag="530"><subfield code="a">Archived issues are available in digital format as part of the Library of Congress Chronicling America online collection.</subfield></datafield><datafield ind1=" " ind2="0" tag="651"><subfield code="a">Willmar (Minn.)</subfield><subfield code="v">Newspapers.</subfield></datafield><datafield ind1=" " ind2="7" tag="655"><subfield code="a">Newspapers.</subfield><subfield code="2">fast</subfield><subfield code="0">(OCoLC)fst01423814</subfield></datafield><datafield ind1=" " ind2="7" tag="651"><subfield code="a">Minnesota</subfield><subfield code="z">Willmar.</subfield><subfield code="2">fast</subfield><subfield code="0">(OCoLC)fst01203392</subfield></datafield><datafield ind1=" " ind2=" " tag="752"><subfield code="a">United States</subfield><subfield code="b">Minnesota</subfield><subfield code="c">Kandiyohi</subfield><subfield code="d">Willmar.</subfield></datafield><datafield ind1="0" ind2=" " tag="775"><subfield code="t">Willmar daily tribune</subfield><subfield code="w">(DLC)sn 89081018</subfield><subfield code="w">(OCoLC)1774991</subfield></datafield><datafield ind1="1" ind2=" " tag="776"><subfield code="t">Willmar tribune (Online)</subfield><subfield code="x">2326-7674</subfield><subfield code="w">(DLC)  2013218560</subfield><subfield code="w">(OCoLC)828092470</subfield></datafield><datafield ind1="0" ind2="0" tag="785"><subfield code="t">Willmar weekly tribune</subfield><subfield code="w">(DLC)sn 89081023</subfield><subfield code="w">(OCoLC)21010637</subfield></datafield><datafield ind1="4" ind2="1" tag="856"><subfield code="u">http://www.loc.gov/chroniclingamerica/lccn/sn89081022/issues</subfield></datafield></record>